@book{BG,
  title={Problems and Snapshots from the World of Probability},
  author={Blom, Gunnar and Holst, Lars and Sandell, Dennis},
  year={2012},
  publisher={Springer Science \& Business Media}
}

@book{DK,
  title={Probability: theory and examples},
  author={Durrett, Rick},
  volume={49},
  year={2019},
  publisher={Cambridge university press}
}

@book{50,
  title={Fifty challenging problems in probability with solutions},
  author={Mosteller, Frederick},
  year={1987},
  publisher={Courier Corporation}
}

@article{khamsi, 
  title={Stirling's Formula},
  url={http://www.sosmath.com/calculus/sequence/stirling/stirling.html}, 
  publisher={SOS Math}, 
  author={Khamsi, Mohamed A}, 
  year={1996}, 
  month={Dec}
}